<record><leader>00000cas a22000007a 4500</leader><controlfield tag="001">22483228</controlfield><controlfield tag="008">901009d19231949couwr ne      0    0eng d</controlfield><datafield ind1=" " ind2=" " tag="010"><subfield code="a">sn 90051759 </subfield></datafield><datafield ind1=" " ind2=" " tag="040"><subfield code="a">CNQ</subfield><subfield code="b">eng</subfield><subfield code="c">CNQ</subfield><subfield code="d">OCLCQ</subfield></datafield><datafield ind1=" " ind2=" " tag="042"><subfield code="a">msc</subfield></datafield><datafield ind1="0" ind2=" " tag="130"><subfield code="a">Jefferson County republican (Golden, Colo. : 1923)</subfield></datafield><datafield ind1="1" ind2="0" tag="245"><subfield code="a">Jefferson County republican.</subfield></datafield><datafield ind1=" " ind2=" " tag="260"><subfield code="a">Golden, Colo. :</subfield><subfield code="b">Jefferson County Republican Pub. Co.</subfield></datafield><datafield ind1=" " ind2=" " tag="300"><subfield code="a">v.</subfield></datafield><datafield ind1=" " ind2=" " tag="310"><subfield code="a">Weekly</subfield></datafield><datafield ind1="0" ind2=" " tag="362"><subfield code="a">Vol. 4, no. 16 (Mar. 15, 1923)-v. 29, no. 14 (Jan. 5, 1949).</subfield></datafield><datafield ind1=" " ind2=" " tag="530"><subfield code="a">Available on microfilm from the Colorado Historical Society.</subfield></datafield><datafield ind1=" " ind2=" " tag="752"><subfield code="a">United States</subfield><subfield code="b">Colorado</subfield><subfield code="c">Jefferson</subfield><subfield code="d">Golden.</subfield></datafield><datafield ind1="0" ind2="7" tag="780"><subfield code="t">Jefferson republican and the Arvada sun</subfield><subfield code="w">(DLC)sn 90051996</subfield></datafield><datafield ind1="0" ind2="7" tag="785"><subfield code="t">East Jefferson sentinel</subfield><subfield code="w">(DLC)sn 90051761</subfield></datafield><datafield ind1="0" ind2="7" tag="785"><subfield code="t">Jefferson sentinel</subfield><subfield code="w">(DLC)sn 90051760</subfield></datafield></record>